
@Article{matplotlib-colormap,
Author    = {Hunter, J. D.},
Title     = {Matplotlib: A 2D graphics environment},
Journal   = {Computing In Science \& Engineering},
Volume    = {9},
Number    = {3},
Pages     = {90--95},
abstract  = {Matplotlib is a 2D graphics package used for Python
for application development, interactive scripting, and
publication-quality image generation across user
interfaces and operating systems.},
publisher = {IEEE COMPUTER SOC},
doi = {10.1109/MCSE.2007.55},
year = {2007},
url = {http://matplotlib.org/examples/color/colormaps_reference.html}
}

@misc{Hypothesis3.6.1,
title = {Hypothesis 3.6.1},
author = {David R. MacIver},
year = {2016},
howpublished = {\url{https://github.com/HypothesisWorks/hypothesis-python}},
}
ar = {2013}
}
@misc{Git,
author = {Linus Torvald},
title = {Git},
publisher = {GitHub},
journal = {GitHub repository},
howpublished = {\url{https://github.com/git/git}},
}

@article{scikit-learn,
 title={Scikit-learn: Machine Learning in {P}ython},
 author={Pedregosa, F. and Varoquaux, G. and Gramfort, A. and Michel, V.
         and Thirion, B. and Grisel, O. and Blondel, M. and Prettenhofer, P.
         and Weiss, R. and Dubourg, V. and Vanderplas, J. and Passos, A. and
         Cournapeau, D. and Brucher, M. and Perrot, M. and Duchesnay, E.},
 journal={Journal of Machine Learning Research},
 volume={12},
 pages={2825--2830},
 year={2011}
}

@article{K-means-clustering,
title={Classification, Parameter Estimation and State Estimation: An Engineering Approach Using MATLAB},
author={David M. J. Tax; Ferdinand van der Heijden; Robert Duin; Dick de Ridder},
pages={},
year={2012},
}

@book{Logistic-regression,
author={K.Dietz; M.Gail; K.Krickeberg; B.Singer},
title={Logistic regression: a self-learning text},
year={1994},
publisher={New York : Springer},
}

@misc{Cyfrifiadureg-maths,
  title={Cyfrifiadureg ar gyfer Mathemateg},
  howpublished={\url{https://vknight.org/cfm/cy/}},
  note={Accessed: 2020-03-14},
}

@misc{codeclub,
  title={Adnoddau code club},
  howpublished={\url{https://projects.raspberrypi.org/cy-GB/codeclub}},
  note={Accessed: 2020-03-14},
}

@misc{technocamps,
  title={Adnoddau technocamps},
  howpublished={\url{https://www.technocamps.com/cy/resources}},
  note={Accessed: 2020-03-14},
}

@misc{python-sgiliauymchwil,
  title={Sgiliau ymchwil cyfrifiadurol},
  howpublished={\url{https://sgiliauymchwilcyfrifiadurol.github.io/}},
  note={Accessed: 2020-03-14},
}

@misc{technolegau-iaith,
  title={Adnoddau technolegau iaith},
  howpublished={\url{http://techiaith.cymru/yr-adnoddau/llawlyfr-technolegau-iaith/}},
  note={Accessed: 2020-03-14},
}

@misc{botio,
  title={App botio},
  howpublished={\url{https://apps.apple.com/us/app/botio/id1296278646?ls=1}},
  note={Accessed: 2020-03-14},
}

@misc{github-technolegauiaith,
  title={Ystorfeydd technolegau iaith},
  howpublished={\url{https://github.com/porthtechnolegauiaith}},
  note={Accessed: 2020-03-14},
}

@misc{Algebra-llinol,
  title={Algebra llinol},
  author={Alun Morris},
  howpublished={\url{https://llyfrgell.porth.ac.uk/View.aspx?id=1716~4p~QbzBunJu}},
  note={Accessed: 2020-03-14},
}

@misc{mathemateg,
  title={Adnoddau Mathemateg ar gyfer ysgolion},
  howpublished={\url{https://www.mathemateg.com/}},
  note={Accessed: 2020-03-14},
}

@book{dysgu-peirianyddol,
author={Olivier Chapelle, Bernhard Sch√∂lkopf, Alexander Zien},
title={Introduction to Semi-Supervised Learning},
year={2006},
publisher={MIT Press},
}

@misc{youtube,
  title={Videos ar sut i rhaglennu yn Python},
  howpublished={\url{https://www.youtube.com/playlist?list=PLSkPgScy-DkFdCzwJW9X_B9IfTouojem7}},
  note={Accessed: 2020-03-14},
}

@book{dysgu-peirianyddol2,
author={Ethem Alpaydin},
title={Introduction to Machine Learning},
year={2014},
publisher={MIT Press},
}

@misc{cymraeg2050,
  title={Targed o Miliwn o Siaradwyr Cymraeg erbyn 2050},
  howpublished={\url{https://gov.wales/sites/default/files/publications/2018-12/cymraeg-2050-welsh-language-strategy.pdf}},
  note={Accessed: 2020-03-24},
}

@misc{cymraeg2050tech,
  title={Technological Action Plan},
  howpublished={\url{https://gov.wales/sites/default/files/publications/2018-12/welsh-language-technology-and-digital-media-action-plan.pdf}},
  note={Accessed: 2020-03-24},
}

@misc{kagglesurvey,
  title={2018 Kaggle ML and DS Survey},
  howpublished={\url{https://www.kaggle.com/sudhirnl7/data-science-survey-2018}},
  note={Accessed: 2020-03-24},
}